<?xml version="1.0" encoding="UTF-8"?><record xmlns="http://www.loc.gov/MARC21/slim" xmlns:cinclude="http://apache.org/cocoon/include/1.0" xmlns:zs="http://www.loc.gov/zing/srw/">
  <leader>00383nz  a2200121n  4500</leader>
  <controlfield tag="001">nr 96036193 </controlfield>
  <controlfield tag="003">DLC</controlfield>
  <controlfield tag="005">19961010053108.7</controlfield>
  <controlfield tag="008">961008n| acannaab|          |n aaa     c</controlfield>
  <datafield tag="010" ind1=" " ind2=" ">
    <subfield code="a">nr 96036193 </subfield>
  </datafield>
  <datafield tag="040" ind1=" " ind2=" ">
    <subfield code="a">NjP</subfield>
    <subfield code="c">NjP</subfield>
  </datafield>
  <datafield tag="100" ind1="1" ind2="0">
    <subfield code="a">Koutoupēs, Thalēs S.</subfield>
  </datafield>
  <datafield tag="670" ind1=" " ind2=" ">
    <subfield code="a">Politikē oikonomia, 1935:</subfield>
    <subfield code="b">t.1, t.p. (Thalē S. Koutoupē, professor of the School of Political and Economic Sciences)</subfield>
  </datafield>
</record>